<?xml version="1.0" encoding="UTF-8"?><record xmlns="http://www.loc.gov/MARC21/slim" xmlns:cinclude="http://apache.org/cocoon/include/1.0" xmlns:zs="http://www.loc.gov/zing/srw/">
  <leader>00598nz  a2200145n  4500</leader>
  <controlfield tag="001">no2003091753</controlfield>
  <controlfield tag="003">DLC</controlfield>
  <controlfield tag="005">20030913071049.0</controlfield>
  <controlfield tag="008">030912n| acannaab           |a aaa     c</controlfield>
  <datafield tag="010" ind1=" " ind2=" ">
    <subfield code="a">no2003091753</subfield>
  </datafield>
  <datafield tag="035" ind1=" " ind2=" ">
    <subfield code="a">(OCoLC)oca06151465</subfield>
  </datafield>
  <datafield tag="040" ind1=" " ind2=" ">
    <subfield code="a">O</subfield>
    <subfield code="b">eng</subfield>
    <subfield code="c">O</subfield>
  </datafield>
  <datafield tag="100" ind1="1" ind2=" ">
    <subfield code="a">Vanden Eynden, Keith</subfield>
  </datafield>
  <datafield tag="400" ind1="1" ind2=" ">
    <subfield code="a">Eynden, Keith Vanden</subfield>
  </datafield>
  <datafield tag="670" ind1=" " ind2=" ">
    <subfield code="a">His Let us divided live, c2002:</subfield>
    <subfield code="b">t.p. (Keith Vanden Eynden) p. 4 of cover (has written poetry, fiction, drama, training materials, marketing collateral, and news articles; writing degrees from the U. of Cincinnati and Boston U.; jazz and rock guitarist; lives in Ohio)</subfield>
  </datafield>
</record>